<record><leader>00000cas a2200000 a 4500</leader><controlfield tag="001">10988240</controlfield><controlfield tag="008">840726d18641865vaudr ne      0    0eng c</controlfield><datafield ind1=" " ind2=" " tag="010"><subfield code="a">sn 84024662 </subfield></datafield><datafield ind1=" " ind2=" " tag="040"><subfield code="a">NPV</subfield><subfield code="b">eng</subfield><subfield code="c">NPV</subfield><subfield code="d">NPX</subfield><subfield code="d">NPY</subfield><subfield code="d">NPU</subfield><subfield code="d">DLC</subfield><subfield code="d">NPA</subfield><subfield code="d">NLG</subfield><subfield code="d">YOX</subfield><subfield code="d">NLG</subfield><subfield code="d">MGN</subfield><subfield code="d">CNK</subfield><subfield code="d">NVK</subfield><subfield code="d">NVN</subfield><subfield code="d">OCL</subfield><subfield code="d">NVF</subfield><subfield code="d">NVK</subfield><subfield code="d">KRTAS</subfield><subfield code="d">OCLCQ</subfield><subfield code="d">OCLCF</subfield><subfield code="d">OCLCO</subfield></datafield><datafield ind1="1" ind2=" " tag="029"><subfield code="a">AU@</subfield><subfield code="b">000020228621</subfield></datafield><datafield ind1=" " ind2=" " tag="042"><subfield code="a">pcc</subfield></datafield><datafield ind1=" " ind2=" " tag="043"><subfield code="a">n-us-va</subfield></datafield><datafield ind1="0" ind2="0" tag="050"><subfield code="a">Newspaper 10028-X</subfield></datafield><datafield ind1="0" ind2=" " tag="130"><subfield code="a">Richmond Whig (Richmond, Va. : 1862 : Evening Ed.)</subfield></datafield><datafield ind1="1" ind2="0" tag="245"><subfield code="a">Richmond Whig.</subfield></datafield><datafield ind1="3" ind2=" " tag="246"><subfield code="a">Evening Whig</subfield></datafield><datafield ind1=" " ind2=" " tag="260"><subfield code="a">[Richmond, Va. :</subfield><subfield code="b">Bondurant &amp; Elliot]</subfield></datafield><datafield ind1=" " ind2=" " tag="300"><subfield code="a">v.</subfield></datafield><datafield ind1=" " ind2=" " tag="310"><subfield code="a">Daily</subfield></datafield><datafield ind1="1" ind2=" " tag="362"><subfield code="a">Began July 28, 1864; ceased Apr. 28, 1865.</subfield></datafield><datafield ind1=" " ind2=" " tag="500"><subfield code="a">Publisher varies: W. Ira Smith, Apr. 1865.</subfield></datafield><datafield ind1=" " ind2=" " tag="500"><subfield code="a">May have been published as early as July 20, 1864. Cf Publishers block from Richmond Whig (Richmond, Va. : 1862 : Daily).</subfield></datafield><datafield ind1=" " ind2=" " tag="515"><subfield code="a">Suspended Apr. 2, 1865; resumed "as a Union paper," Apr. 4, 1865.</subfield></datafield><datafield ind1=" " ind2=" " tag="530"><subfield code="a">Also issued on microfilm by the Micro Photo Div., Bell &amp; Howell Co., and the Library of Virginia.</subfield></datafield><datafield ind1=" " ind2=" " tag="580"><subfield code="a">Semiweekly ed.: Richmond Whig &amp; public advertiser, &lt;1864-1865&gt;.</subfield></datafield><datafield ind1=" " ind2=" " tag="580"><subfield code="a">Weekly ed.: Richmond weekly Whig (Richmond, Va. : 1842), &lt;1864-1865&gt;.</subfield></datafield><datafield ind1=" " ind2=" " tag="580"><subfield code="a">Daily ed.: Richmond Whig (Richmond, Va. : 1862), &lt;1864&gt;-1865.</subfield></datafield><datafield ind1=" " ind2=" " tag="588"><subfield code="a">Description based on: Oct. 12, 1864.</subfield></datafield><datafield ind1=" " ind2="0" tag="651"><subfield code="a">Richmond (Va.)</subfield><subfield code="v">Newspapers.</subfield></datafield><datafield ind1=" " ind2="7" tag="655"><subfield code="a">Newspapers.</subfield><subfield code="2">fast</subfield><subfield code="0">(OCoLC)fst01423814</subfield></datafield><datafield ind1=" " ind2="7" tag="651"><subfield code="a">Virginia</subfield><subfield code="z">Richmond.</subfield><subfield code="2">fast</subfield><subfield code="0">(OCoLC)fst01205345</subfield></datafield><datafield ind1=" " ind2=" " tag="752"><subfield code="a">United States</subfield><subfield code="b">Virginia</subfield><subfield code="d">Richmond.</subfield></datafield><datafield ind1="1" ind2=" " tag="775"><subfield code="t">Richmond Whig &amp; public advertiser</subfield><subfield code="w">(DLC)sn 84024658</subfield></datafield><datafield ind1="1" ind2=" " tag="775"><subfield code="t">Richmond weekly Whig (Richmond, Va. : 1842)</subfield><subfield code="w">(DLC)sn 84024659</subfield></datafield><datafield ind1="1" ind2=" " tag="775"><subfield code="t">Richmond Whig (Richmond, Va. : 1862)</subfield><subfield code="w">(DLC)sn 84024669</subfield></datafield><datafield ind1=" " ind2=" " tag="938"><subfield code="a">Kirtas Technologies, Inc.</subfield><subfield code="b">KRTS</subfield><subfield code="n">738653</subfield></datafield></record>